<?xml version="1.0" encoding="UTF-8"?><collection><record><leader>07570ntm a2200601 a 4500</leader><controlfield tag="001">006781938</controlfield><controlfield tag="003">MiAaHDL</controlfield><controlfield tag="005">20190719000000.0</controlfield><controlfield tag="006">m        d        </controlfield><controlfield tag="007">cr bn ---auaua</controlfield><controlfield tag="008">090518s1729    tu            00| ||ara d</controlfield><datafield tag="035" ind1=" " ind2=" "><subfield code="a">(MiU)006781938</subfield></datafield><datafield tag="035" ind1=" " ind2=" "><subfield code="a">sdr-miu006781938</subfield></datafield><datafield tag="040" ind1=" " ind2=" "><subfield code="a">MiU</subfield><subfield code="c">MiU</subfield><subfield code="e">amremm</subfield></datafield><datafield tag="043" ind1=" " ind2=" "><subfield code="a">n-us-mi</subfield></datafield><datafield tag="100" ind1="1" ind2=" "><subfield code="6">880-01</subfield><subfield code="a">Birgivî Mehmet Efendi,</subfield><subfield code="d">ca. 1523-1573.</subfield></datafield><datafield tag="240" ind1="1" ind2="0"><subfield code="6">880-02</subfield><subfield code="a">Ṭarīqah al-Muḥammadīyah</subfield></datafield><datafield tag="245" ind1="1" ind2="0"><subfield code="6">880-03</subfield><subfield code="a">Kitāb al-Ṭarīqah al-Muḥammadīyah,</subfield><subfield code="f">[1142, i.e. 1729].</subfield></datafield><datafield tag="246" ind1="3" ind2=" "><subfield code="i">Edge title (tail):</subfield><subfield code="a">طريقة محمدية سيرة احمدية</subfield></datafield><datafield tag="260" ind1=" " ind2=" "><subfield code="a">[Kayseri,</subfield><subfield code="a">Erzurum,</subfield><subfield code="c">1729].</subfield></datafield><datafield tag="300" ind1=" " ind2=" "><subfield code="a">209 leaves :</subfield><subfield code="b">paper ;</subfield><subfield code="c">208 x 143 (133 x 59) mm.</subfield></datafield><datafield tag="500" ind1=" " ind2=" "><subfield code="a">Shelfmark: Ann Arbor, University of Michigan, Special Collections Library, Isl. Ms. 516</subfield></datafield><datafield tag="500" ind1=" " ind2=" "><subfield code="a">Origin: As appears in colophon on p.419, copied by al-Sayyid Sulayman Adīb al-Qayṣarī (Süleyman Edip el-Kayserî / Kayserili Süleyman Edip ) with transcription begun in Kayseri and completed in Erzurum 6 Rabīʻ II 1142 [ca. 29 October 1729]. A statement on p.420 in name of Muḥammad al-Dahrī (Mehmet Dehrî) and attested by Ibrāhīm Aḥmad Saʻudī (İbrahim Ahmet Suudi) and Aḥmad Yaqīn [Baqiyah?] al-Shanṭūrī (Ahmet Yakin [Bakiye?] Şentûrî) may claim that half of the book [?] was written by al-Sayyid Muḥammad al-Sharīf (Seyyit Mehmet Şerif) reads "انا محمد الدهري الدلل [؟] كتب نصف [؟] هذا الكتاب السيد محمد الشريف والضمان علينا ضمان غرم الدلال في المكتوب [؟] كاتب محمد الدهرى شهد بذلك ابراهيم احمد سعودي الحنفى شهد بذلك احمد يقين [بقيه؟] الشنطورى".</subfield></datafield><datafield tag="500" ind1=" " ind2=" "><subfield code="a">Accompanying materials: a. Acquisitions slip from Yahuda (paginated pp.1-2) -- b. Insert with glosses (paginated pp. 73-74).</subfield></datafield><datafield tag="500" ind1=" " ind2=" "><subfield code="a">Former shelfmark: From inner front cover and spine label, "IL 241" (likely supplied by Yahuda, see acquisitions slip).</subfield></datafield><datafield tag="500" ind1=" " ind2=" "><subfield code="a">Binding: Pasteboards covered in quite dark brown leather ; Type II binding (with flap, though now lost) ; doublures (board linings) in comb marbled paper (red, pink, blue, yellow, green, etc.) with hinges in shell marbled paper (blue and brown) ; upper and lower covers carry gold-stamped mandorla (filled with vegetal composition employing cloud bands and with both vertical and horizontal symmetry, compare Déroche class. NSd) along with gold-tooled border in a series of s-shaped stamps framed by gold fillets ; sewn in dark blue thread, two stations ; worked chevron endbands in red and likely another color difficult to discern due to damage, only headband remains ; overall in quite poor condition with flap lost, upper cover (along with front flyleaf and opening leaf) fully detached, lifting and losses of leather, abrasion, staining, etc. ; repairs (now split) to spine in light brown leather ; housed in box for protection.</subfield></datafield><datafield tag="500" ind1=" " ind2=" "><subfield code="a">Support: European laid paper with 13 laid lines per cm. (vertical), chain lines spaced 24-25 mm. apart (horizontal), and grapes (raisin) under cartouche and crown watermark (see p.10, 15, etc.) ; dark cream in color, well-burnished, thin and transluscent though sturdy.</subfield></datafield><datafield tag="500" ind1=" " ind2=" "><subfield code="a">Decoration: Illuminated headpiece (ʻunwān) at opening on p.4, consisting of a rectangular piece with empty gold cartouche flanked by floral accents in white and pink on a gold field and surrounded by border in blue with white crosses, surmounted by a scalloped semi-circular piece (dome) filled with swirling floral vegetal design reminiscent of arabesque in white, lavender, pink, orange, etc. on fields of blue and gold, set into a well of pink with white crosses and surmounted by vertical stalks (tīgh) in blue and pink ; basmalah also flanked by floral accents ; written area surrounded by gilt frame ; keywords, section headings, and abbreviation symbols rubricated ; textual dividers in the form of red inverted commas.</subfield></datafield><datafield tag="500" ind1=" " ind2=" "><subfield code="a">Script: Nastaʻlīq (talik) ; fine Turkish hand in a medium to bold line ; serifless with characteristic descent of words to baseline, occasionally more exaggerated, elongation and thickness of horizontal strokes.</subfield></datafield><datafield tag="500" ind1=" " ind2=" "><subfield code="a">Layout: Written in 17 lines per page ; frame-ruled.</subfield></datafield><datafield tag="500" ind1=" " ind2=" "><subfield code="a">Collation: i, 20 V(200), IV+1 (209) ; final leaf left blank ; almost exclusively quinions ; foliation in black ink, Hindu-Arabic numerals ; pagination in pencil, Western numerals, supplied during digitization (includes inserts).</subfield></datafield><datafield tag="500" ind1=" " ind2=" "><subfield code="a">Colophon: "Scribal," triangular, reads "وبدأت الطريقة المحمدية في القيصرية المحمية واتممت في ارض روم المحروسة وانا الفقير اليه سبحانه وتعالى السيد سليمان اديب القيصري احسن الله حاله في اليوم السادس عن ربيع الاخر لسنه اثنى واربعين ومائة والف سنه ۱۱٤٢"</subfield></datafield><datafield tag="500" ind1=" " ind2=" "><subfield code="a">Explicit: "وجلاء القلوب فعليك بها وطالعها حتى تعلم حقيقة مقالنا ونقول الحمد لله الذي هدانا لهذا وما كنا نهتدي لو لا ان هدانا الله ربنا لا تزغ قلوبنا بعد اذ هديتنا وهب لنا من لدنك رحمة انك انت الوهاب اللهم صل وسلم على محمد سيد المرسلين وعلى آله واصحابه اجمعين والحمد لله رب العالمين"</subfield></datafield><datafield tag="500" ind1=" " ind2=" "><subfield code="a">Incipit: "الحمد لله الذي جعلنا امة وسطا خير امم ... وبعد فان العقل والنقل متوافقان والكتاب والسنة متطابقان ... فاردت ان اصنف الطريقة المحمدية واحببت ان ابين السيرة الاحمدية حتى يعرض عليها عمله كل سالك ..."</subfield></datafield><datafield tag="500" ind1=" " ind2=" "><subfield code="a">Title from inscription on 'title page' (p.3).</subfield></datafield><datafield tag="500" ind1=" " ind2=" "><subfield code="a">Ms. codex.</subfield></datafield><datafield tag="510" ind1="4" ind2=" "><subfield code="a">Brockelmann, C. GAL,</subfield><subfield code="c">II 441 no.15 ; SII 655</subfield></datafield><datafield tag="520" ind1="8" ind2=" "><subfield code="a">Elegant, ell-glossed copy of the sermons and homilies of Birgivî (Birkawī, Birgilī) Mehmet Efendi.</subfield></datafield><datafield tag="538" ind1=" " ind2=" "><subfield code="a">Mode of access: Internet.</subfield></datafield><datafield tag="541" ind1=" " ind2=" "><subfield code="a">Acquired in 1926 from the bookseller Isaac Benjamin S.E. Yahuda via purchase transacted on his behalf by Abraham Shalom Yahuda (1877-1951), his younger brother.</subfield></datafield><datafield tag="546" ind1=" " ind2=" "><subfield code="a">Arabic.</subfield></datafield><datafield tag="561" ind1=" " ind2=" "><subfield code="a">Possibly an effaced ownership statement on 'title page' (p.3) now covered by a slip of paper ; oval seal impression possibly dated 1263 [1846 or 7] (reads "هو الباقي وانا عبده") accompanies colophon on p.419 ; extensive marginal glosses ; occasional corrections and notabilia (side heads) ; collation marks and statement on p.419 ("قد تم المقابلة").</subfield></datafield><datafield tag="650" ind1=" " ind2="0"><subfield code="a">Manuscripts, Arabic</subfield><subfield code="z">Michigan</subfield><subfield code="z">Ann Arbor.</subfield></datafield><datafield tag="650" ind1=" " ind2="0"><subfield code="a">Islam</subfield><subfield code="x">Doctrines</subfield><subfield code="v">Early works to 1800.</subfield></datafield><datafield tag="650" ind1=" " ind2="0"><subfield code="a">Muslims</subfield><subfield code="x">Conduct of life</subfield><subfield code="v">Early works to 1800.</subfield></datafield><datafield tag="650" ind1=" " ind2="0"><subfield code="a">Islamic ethics</subfield><subfield code="v">Early works to 1800.</subfield></datafield><datafield tag="655" ind1=" " ind2="7"><subfield code="a">Headpieces (layout features)</subfield><subfield code="y">18th century.</subfield><subfield code="2">aat</subfield></datafield><datafield tag="700" ind1="0" ind2=" "><subfield code="6">880-05</subfield><subfield code="a">Süleyman Edip el-Kayserî,</subfield><subfield code="d">fl. 1729,</subfield><subfield code="e">scribe.</subfield></datafield><datafield tag="773" ind1="0" ind2=" "><subfield code="a">Yahuda Collection.</subfield></datafield><datafield tag="880" ind1="0" ind2=" "><subfield code="6">700-05/</subfield><subfield code="a">سليمان اديب القيصري،</subfield><subfield code="e">ناسخ.</subfield></datafield><datafield tag="880" ind1="1" ind2="0"><subfield code="6">245-03/</subfield><subfield code="a">كتاب الطريقة المحمدية,</subfield><subfield code="f">[1143ه, 1729م].</subfield></datafield><datafield tag="880" ind1="1" ind2="0"><subfield code="6">240-02/</subfield><subfield code="a">طريقة المحمدية</subfield></datafield><datafield tag="880" ind1="1" ind2=" "><subfield code="6">100-01/</subfield><subfield code="a">بركوى محمد افندى.</subfield></datafield><datafield tag="CID" ind1=" " ind2=" "><subfield code="a">006781938</subfield></datafield><datafield tag="DAT" ind1="0" ind2=" "><subfield code="a">20190719102635.0</subfield><subfield code="b">20190719000000.0</subfield></datafield><datafield tag="DAT" ind1="1" ind2=" "><subfield code="a">20190719090653.0</subfield><subfield code="b">2019-07-19T16:11:25Z</subfield></datafield><datafield tag="DAT" ind1="2" ind2=" "><subfield code="a">2015-10-02T18:00:03Z</subfield></datafield><datafield tag="CAT" ind1=" " ind2=" "><subfield code="a">SDR-MIU</subfield><subfield code="d">EX LIBRIS - ALEPH</subfield><subfield code="l">prepare.pl-004-008</subfield></datafield><datafield tag="FMT" ind1=" " ind2=" "><subfield code="a">BK</subfield></datafield><datafield tag="HOL" ind1=" " ind2=" "><subfield code="0">sdr-miu006781938</subfield><subfield code="a">MiU</subfield><subfield code="b">SDR</subfield><subfield code="c">MIU</subfield><subfield code="p">mdp.39015079125699</subfield><subfield code="s">MIU</subfield><subfield code="1">006781938</subfield></datafield><datafield tag="974" ind1=" " ind2=" "><subfield code="b">MIU</subfield><subfield code="c">MIU</subfield><subfield code="d">20190719</subfield><subfield code="s">lit-dlps-dc</subfield><subfield code="u">mdp.39015079125699</subfield><subfield code="y">1729</subfield><subfield code="r">pd</subfield><subfield code="q">bib</subfield><subfield code="t">non-US bib date1 &lt; 1879</subfield></datafield></record></collection>